<?xml version="1.0" encoding="utf-8"?>
<record xmlns="http://www.loc.gov/MARC21/slim" xmlns:xsi="http://www.w3.org/2001/XMLSchema-instance" xsi:schemaLocation="http://www.loc.gov/MARC21/slim http://www.loc.gov/standards/marcxml/schema/MARC21slim.xsd">
	<leader>     nam a22     Mi 4500</leader>
	<controlfield tag="001">416805</controlfield>
	<controlfield tag="003">NjP</controlfield>
	<controlfield tag="006">m        d        </controlfield>
	<controlfield tag="007">cr cn |||m|||a</controlfield>
	<controlfield tag="008">210322s1937    sy a    o     100 0 ara  </controlfield>
	<datafield ind1=" " ind2=" " tag="040">
		<subfield code="a">ZYU</subfield>
		<subfield code="b">ara</subfield>
		<subfield code="e">rda</subfield>
		<subfield code="c">ZYU</subfield>
	</datafield>
	<datafield ind1=" " ind2=" " tag="043">
		<subfield code="a">a-is---</subfield>
	</datafield>
	<datafield ind1="0" ind2="0" tag="050">
		<subfield code="a">DS126</subfield>
		<subfield code="b">.M83</subfield>
	</datafield>
	<datafield ind1=" " ind2=" " tag="051">
		<subfield code="a">DS126</subfield>
		<subfield code="b">M83 Copy 2</subfield>
	</datafield>
	<datafield ind1=" " ind2=" " tag="051">
		<subfield code="a">DS126</subfield>
		<subfield code="b">M83 Copy 3</subfield>
	</datafield>
	<datafield ind1="2" ind2=" " tag="111">
		<subfield code="6">880-01</subfield>
		<subfield code="a">Muʼtamar al-ʻArabī al-Qawmī fī Bulūdān</subfield>
		<subfield code="d">(1937)</subfield>
	</datafield>
	<datafield ind1="1" ind2="3" tag="245">
		<subfield code="6">880-02</subfield>
		<subfield code="a">al-Muʼtamar al-ʻArabī al-Qawmī fī Bulūdān, 1937 /</subfield>
		<subfield code="c">ʻuniya bi-jamʻihi wa-tadqīqihi Fuʻād Khalīl Mufarrij.</subfield>
	</datafield>
	<datafield ind1=" " ind2=" " tag="260">
		<subfield code="6">880-03</subfield>
		<subfield code="a">Dimashq :</subfield>
		<subfield code="b">al-Maktab al-ʻArabī al-Qawmī lil-Diʻāyah wa-al-Nashr,</subfield>
		<subfield code="c">[1937?]</subfield>
	</datafield>
	<datafield ind1=" " ind2=" " tag="300">
		<subfield code="a">online resource (5, 187 pages) :</subfield>
		<subfield code="b">illustrations</subfield>
	</datafield>
	<datafield ind1=" " ind2=" " tag="336">
		<subfield code="a">text</subfield>
		<subfield code="2">rdacontent</subfield>
	</datafield>
	<datafield ind1=" " ind2=" " tag="337">
		<subfield code="a">computer</subfield>
		<subfield code="2">rdamedia</subfield>
	</datafield>
	<datafield ind1=" " ind2=" " tag="338">
		<subfield code="a">online resource</subfield>
		<subfield code="2">rdacarrier</subfield>
	</datafield>
	<datafield ind1=" " ind2=" " tag="500">
		<subfield code="a">Part of the Arabic Collections Online (ACO) project, contributed by Princeton University Libraries.</subfield>
	</datafield>
	<datafield ind1=" " ind2=" " tag="533">
		<subfield code="a">Electronic reproduction.</subfield>
		<subfield code="b">New York, N.Y. :</subfield>
		<subfield code="c">New York University,</subfield>
		<subfield code="d">2021.</subfield>
		<subfield code="5">NNU</subfield>
	</datafield>
	<datafield ind1=" " ind2="0" tag="651">
		<subfield code="a">Palestine</subfield>
		<subfield code="x">Politics and government</subfield>
		<subfield code="y">1917-1948</subfield>
		<subfield code="v">Congresses.</subfield>
	</datafield>
	<datafield ind1=" " ind2="7" tag="650">
		<subfield code="a">Politics and government</subfield>
		<subfield code="2">fast</subfield>
		<subfield code="0">(OCoLC)fst01919741</subfield>
	</datafield>
	<datafield ind1=" " ind2="7" tag="651">
		<subfield code="a">Middle East</subfield>
		<subfield code="z">Palestine.</subfield>
		<subfield code="2">fast</subfield>
		<subfield code="0">(OCoLC)fst01207534</subfield>
	</datafield>
	<datafield ind1=" " ind2="7" tag="648">
		<subfield code="a">1917-1948</subfield>
		<subfield code="2">fast</subfield>
	</datafield>
	<datafield ind1=" " ind2="7" tag="655">
		<subfield code="a">Conference papers and proceedings.</subfield>
		<subfield code="2">fast</subfield>
		<subfield code="0">(OCoLC)fst01423772</subfield>
	</datafield>
	<datafield ind1="1" ind2=" " tag="700">
		<subfield code="6">880-04</subfield>
		<subfield code="a">Mufarrij, Fuʼād Khalīl.</subfield>
	</datafield>
	<datafield ind1="2" ind2=" " tag="710">
		<subfield code="a">Khoury Collection (Library of Congress)</subfield>
		<subfield code="5">DLC</subfield>
	</datafield>
	<datafield ind1="2" ind2=" " tag="710">
		<subfield code="a">Eltaher Collection (Library of Congress)</subfield>
		<subfield code="5">DLC</subfield>
	</datafield>
	<datafield ind1="2" ind2=" " tag="710">
		<subfield code="a">Princeton University.</subfield>
		<subfield code="b">Library.</subfield>
	</datafield>
	<datafield ind1="0" ind2=" " tag="730">
		<subfield code="a">Arabic Collections Online.</subfield>
	</datafield>
	<datafield ind1="0" ind2="8" tag="776">
		<subfield code="i">Print version:</subfield>
		<subfield code="t">al-Muʼtamar al-ʻArabī al-Qawmī fī Bulūdān, 1937</subfield>
		<subfield code="w">(NjP)416805</subfield>
		<subfield code="w">(DLC)   72225611 </subfield>
		<subfield code="w">(OCoLC)23695456</subfield>
	</datafield>
	<datafield ind1="4" ind2="1" tag="856">
		<subfield code="d">amedeltaher</subfield>
		<subfield code="f">72225611</subfield>
		<subfield code="u">https://hdl.loc.gov/loc.gdc/amedeltaher.72225611</subfield>
	</datafield>
	<datafield ind1="4" ind2="1" tag="856">
		<subfield code="d">amedeltaher</subfield>
		<subfield code="f">72225611</subfield>
		<subfield code="u">https://hdl.loc.gov/loc.amed/amedeltaher.72225611</subfield>
	</datafield>
	<datafield ind1="4" ind2="0" tag="856">
		<subfield code="u">http://hdl.handle.net/2333.1/zs7h4g0x</subfield>
	</datafield>
	<datafield ind1="2" ind2=" " tag="880">
		<subfield code="6">111-01</subfield>
		<subfield code="a">مؤتمر العربي القومي في بلودان</subfield>
		<subfield code="d">(1937)</subfield>
	</datafield>
	<datafield ind1="1" ind2="2" tag="880">
		<subfield code="6">245-02</subfield>
		<subfield code="a">المؤتمر العربي القومي في بلودان، 1937 /</subfield>
		<subfield code="c">عني بجمعه وتدقيقه فؤاد خليل مفرج.</subfield>
	</datafield>
	<datafield ind1=" " ind2=" " tag="880">
		<subfield code="6">260-03</subfield>
		<subfield code="a">دمشق :</subfield>
		<subfield code="b">المكتب العربي القومي للدعاية والنشر،</subfield>
		<subfield code="c">[1937?]</subfield>
	</datafield>
	<datafield ind1="1" ind2=" " tag="880">
		<subfield code="6">700-04</subfield>
		<subfield code="a">مفرج، فؤاد خليل.</subfield>
	</datafield>
	<datafield ind1=" " ind2=" " tag="959">
		<subfield code="a">NNU</subfield>
		<subfield code="b">WEB</subfield>
		<subfield code="c">GENI</subfield>
		<subfield code="t">0</subfield>
		<subfield code="m">Electronic access</subfield>
		<subfield code="s">01</subfield>
	</datafield>
	<datafield ind1=" " ind2=" " tag="999">
		<subfield code="i">NjP_416805</subfield>
		<subfield code="o">(OCoLC)ocm23695456 </subfield>
		<subfield code="s">princeton_aco004919</subfield>
		<subfield code="e">(ERROR-880)</subfield>
	</datafield>
</record>
